
%% Created for Jakob Suckale at 2007-09-06 11:30:44 +0200 


%% Saved with string encoding Unicode (UTF-8) 

%%%%Lista de prefijos usados
% pr - paper
% gl - glosario
% bk - libros
% cr - referencias al crowdfunding
% ot - otros



%%%papers citas
%%%%%%%%%%%%%%%%%%%%%%%%%%%%%%%%%%%%%%%%%%%%%%%%

@article{pr_kamath2018suplearn,
	title = {Supervised Learning Model For Kickstarter Campaigns With R Mining},
	author = {Kamath, R. S. and Kamat, R. K.},
	journal = {International Journal of Information Technology, Modeling and Computing (IJITMC)},	
	volume={4},
	number={1},
	year={2018},
	publisher={Zenodo},
	doi = {10.5281/zenodo.1228716},
	url = {https://www.aircconline.com/ijitmc/V4N1/4116ijitmc02.pdf}
}


%%%Glosarios - diccionarios
%%%%%%%%%%%%%%%%%%%%%%%%%%%%%%%%%%%%%%%%%%%%%%%%
@misc{gl_gartner2019ml,
	author    = {{Gartner}},
	title     = {Gartner IT Glossary - Machine Learning},
	year     = {2019},
	url = {https://www.gartner.com/it-glossary/machine-learning/}
}


%%Libros
%%%%%%%%%%%%%%%%%%%%%%%%%%%%%%%%%%%%%%%%%%%%%%%%
@book{bk_russell2009intart,
	title={Inteligencia Artificial: Un Enfoque Moderno},
	author={Russell, Stuart and Norvig, Peter},
	year={2009},
	publisher={Prentice Hall},
	pages = {229},
	edition = {3}
}




%%%%Referencias respecto a LA RANCHA
%%%%%%%%%%%%%%%%%%%%%%%%%%%%%%%%%%%%%%%%%%%%%%%%

@periodical{cr_elcomercioproduccionpapa,
	author    = {{Redacción Gambos}},
	title     = {¿Por qué el Perú no es el principal productor de papa en el mundo?},
	journal   = {RPP},
	year     = {2023},
	month = jun,
	date = {2023-06-02},
	url = {https://rpp.pe/economia/economia/por-que-el-peru-no-es-el-principal-productor-de-papa-en-el-mundo-noticia-1488113#:~:text=En%20el%20mundo%20el%20Per%C3%BA,a%206%20millones%20de%20toneladas.}
}

@periodical{cr_agroinforma1,
	author    = {{Redacción Vela}},
	title     = {La fortaleza del Perú son las papas nativas [ENTREVISTA]},
	journal   = {Diario AgroPeru},
	year     = {2023},
	month = jul,
	date = {2018-07-08},
	url = {https://www.agroperu.pe/la-fortaleza-del-peru-son-las-papas-nativas-entrevista/#:~:text=%EA%9F%B7%20El%20consumo%20de%20papa,de%20la%20papa%20es%20mayor.}
}

@misc{minagri_estadisticas_2022,
	author    = {{MIDAGRI}},
	title     = {Informe ténico Producción NACIONAL},
	year     = {2022},
	month = mar,
	date = {2022-03-03},
	url = {https://www.inei.gob.pe/media/principales_indicadores/03-informe-tecnico-produccion-nacional-ene-2022.pdf/}
}

@misc{inei_cenagro_2022,
	author    = {Ministerio de Desarrollo Agrario y Riesgo},
	title     = {Encuesta Nacional Agropecuaria 2022},
	year     = {2022}
	url = {https://www.inei.gob.pe/media/MenuRecursivo/publicaciones_digitales/Est/Lib1912/libro.pdf}
}

@misc{cr_rancha1,
	author    = {{SEDIR}},
	title     = {La rancha puede acabar con el 100 % del cultivo de papa},
	journal   = {Diario SEDIR},
	year     = {2023},
	month = apr,
	date = {2023-05-02},
	url = {https://www.sedir.org.pe/noticia/351/la-rancha-puede-acabar-con-el-100-del-cultivo-de-papa}
}

@misc{cr_rancha2,
	author    = {{SERFI}},
	title     = {Attack: Control Y Manejo De Rancha En El Cultivo De Papa},
	journal   = {Diario SERFI},
	year     = {2022},
	month = jan,
	date = {2022-01-25},
	url = {https://serfi.pe/attack-control-y-manejo-de-rancha-en-el-cultivo-de-papa/}
}

@periodical{cr_rancha6,
	author    = {{Redacción ANDINA}},
	title     = {Reportan 26 mil toneladas de papa afectadas en distrito de Ulcumayo},
	journal   = {Diario ANDINA},
	year     = {2010},
	month = mar,
	date = {2010-03-09},
	url = {https://andina.pe/agencia/noticia-reportan-26-mil-toneladas-papa-afectadas-distrito-ulcumayo-284195.aspx}
}

@periodical{cr_rancha3,
	author    = {{Redacción AGROPERÚ}},
	title     = {Rancha afecta sembríos de papas nativas en la sierra de Lima},
	journal   = {Diario AGROPERÚ},
	year     = {2024},
	month = apr,
	date = {2024-04-14},
	url = {https://www.agroperu.pe/rancha-afecta-sembrios-de-papas-nativas-en-la-sierra-de-lima/}
}

@periodical{cr_rancha4,
	author    = {{Redacción Salome}},
	title     = {La ‘rancha’, causada por la excesiva humedad de las lluvias, arrasa 500 hectáreas de papa en Ulcumayo, provincia de Junín},
	journal   = {Diario HUANCA YORK TIMES},
	year     = {2024},
	month = mar,
	date = {2024-01-24},
	url = {https://hytimes.pe/2024/03/01/la-rancha-causada-por-la-excesiva-humedad-de-las-lluvias-arrasa-500-hectareas-de-papa-en-ulcumayo-provincia-de-junin/}
}

@periodical{cr_agroinforma2,
	author    = {{Redacción AGROPERU}},
	title     = {Ancash: Productores de papa en Pamparomás reciben capacitación en control de la rancha},
	journal   = {Diario AGROPERU},
	year     = {2024},
	month = mar,
	date = {2024-03-09},
	url = {https://www.agroperu.pe/ancash-productores-de-papa-en-pamparomas-reciben-capacitacion-en-control-de-la-rancha/}
}

@inproceedings{cr_iaplanta,
	title={AnoLeaf: Unsupervised Leaf Disease Segmentation via Structurally Robust Generative Inpainting},
	author={Bhugra, Swati and Kaushik, Vinay and Gupta, Amit and Lall, Brejesh and Chaudhury, Santanu},
	booktitle={Proceedings of the IEEE/CVF Winter Conference on Applications of Computer Vision},
	pages={6415--6424},
	year={2023}
}

@article{cr_iaplanta2,
	title={Sistemas expertos en agricultura de precisi{\'o}n: revisi{\'o}n sistem{\'a}tica de la literatura},
	author={Alba, Jos{\'e} Rolando Garc{\'\i}a and Franco, Rodrigo Rodr{\'\i}guez and Cerd{\'a}n, Mar{\'\i}a Mar{\'\i}a Ang{\'e}lica},
	journal={RINDERESU},
	volume={7},
	number={1-2},
	year={2023}
}


%%%%Articulos tecnicos
%%%%%%%%%%%%%%%%%%%%%%%%%%%%%%%%%%%%%%%%%%%%%%%%
@article{tec_poole1998machinelearning,
	title = {Computational Intelligence: A Logical Approach},
	author = {Poole, David and Mackworth, Alan and Goebel, Randy},
	journal = {Oxford University Press},
	year={1998}
}



%%%%Otros archivos
%%%%%%%%%%%%%%%%%%%%%%%%%%%%%%%%%%%%%%%%%%%%%%%%

@misc{ot_marti2018manual,
	title={Manual formulación, evaluación y monitoreo de proyectos sociales},
	author={Martínez, Rodrigo and Cohen, Ernesto},
	year={2018},
	url={https://dds.cepal.org/redesoc/publicacion?id=242},
	pages={114-121}
}

